{
  "leader": "04884cam a2200445 a 4500",
  "fields": [
    {
      "001": "ocm37315238\\"
    },
    {
      "003": "OCoLC"
    },
    {
      "005": "20211007155432.0"
    },
    {
      "008": "970709t19971997caua\\\\\\\\\\\\\\\\\\\\001\\0\\eng\\\\"
    },
    {
      "010": {
        "ind1": "\\",
        "ind2": "\\",
        "subfields": [
          {
            "a": "   97021181 "
          }
        ]
      }
    },
    {
      "040": {
        "ind1": "\\",
        "ind2": "\\",
        "subfields": [
          {
            "a": "DLC"
          },
          {
            "b": "eng"
          },
          {
            "c": "DLC"
          },
          {
            "d": "BAKER"
          },
          {
            "d": "NLGGC"
          },
          {
            "d": "BTCTA"
          },
          {
            "d": "YDXCP"
          },
          {
            "d": "OCLCG"
          },
          {
            "d": "DEBBG"
          },
          {
            "d": "ILU"
          },
          {
            "d": "OCLCO"
          },
          {
            "d": "ZID"
          },
          {
            "d": "OCLCF"
          },
          {
            "d": "OCLCQ"
          },
          {
            "d": "OCLCO"
          },
          {
            "d": "OCLCQ"
          },
          {
            "d": "HRM"
          },
          {
            "d": "OL{dollar}"
          },
          {
            "d": "OCLCQ"
          }
        ]
      }
    },
    {
      "019": {
        "ind1": "\\",
        "ind2": "\\",
        "subfields": [
          {
            "a": "123068639"
          },
          {
            "a": "1085162318"
          }
        ]
      }
    },
    {
      "020": {
        "ind1": "\\",
        "ind2": "\\",
        "subfields": [
          {
            "a": "0787910953"
          },
          {
            "q": "(cloth ;"
          },
          {
            "q": "acid-free paper)"
          }
        ]
      }
    },
    {
      "020": {
        "ind1": "\\",
        "ind2": "\\",
        "subfields": [
          {
            "a": "9780787910952"
          },
          {
            "q": "(cloth ;"
          },
          {
            "q": "acid-free paper)"
          }
        ]
      }
    },
    {
      "035": {
        "ind1": "\\",
        "ind2": "\\",
        "subfields": [
          {
            "a": "(OCoLC)37315238"
          },
          {
            "z": "(OCoLC)123068639"
          },
          {
            "z": "(OCoLC)1085162318"
          }
        ]
      }
    },
    {
      "050": {
        "ind1": "0",
        "ind2": "0",
        "subfields": [
          {
            "a": "HD60"
          },
          {
            "b": ".C637 1997"
          }
        ]
      }
    },
    {
      "082": {
        "ind1": "0",
        "ind2": "4",
        "subfields": [
          {
            "a": "658.4"
          },
          {
            "b": "COR"
          }
        ]
      }
    },
    {
      "245": {
        "ind1": "0",
        "ind2": "0",
        "subfields": [
          {
            "a": "Corporate global citizenship :"
          },
          {
            "b": "doing business in the public eye /"
          },
          {
            "c": "Noel M. Tichy, Andrew R. McGill, Lynda St. Clair, editors."
          }
        ]
      }
    },
    {
      "250": {
        "ind1": "\\",
        "ind2": "\\",
        "subfields": [
          {
            "a": "1st ed."
          }
        ]
      }
    },
    {
      "264": {
        "ind1": "\\",
        "ind2": "1",
        "subfields": [
          {
            "a": "San Francisco, Calif. :"
          },
          {
            "b": "New Lexington Press,"
          },
          {
            "c": "[1997]"
          }
        ]
      }
    },
    {
      "264": {
        "ind1": "\\",
        "ind2": "4",
        "subfields": [
          {
            "c": "\u00a91997"
          }
        ]
      }
    },
    {
      "300": {
        "ind1": "\\",
        "ind2": "\\",
        "subfields": [
          {
            "a": "xxiv, 447 pages :"
          },
          {
            "b": "illustrations ;"
          },
          {
            "c": "24 cm."
          }
        ]
      }
    },
    {
      "336": {
        "ind1": "\\",
        "ind2": "\\",
        "subfields": [
          {
            "a": "text"
          },
          {
            "b": "txt"
          },
          {
            "2": "rdacontent"
          }
        ]
      }
    },
    {
      "337": {
        "ind1": "\\",
        "ind2": "\\",
        "subfields": [
          {
            "a": "unmediated"
          },
          {
            "b": "n"
          },
          {
            "2": "rdamedia"
          }
        ]
      }
    },
    {
      "338": {
        "ind1": "\\",
        "ind2": "\\",
        "subfields": [
          {
            "a": "volume"
          },
          {
            "b": "nc"
          },
          {
            "2": "rdacarrier"
          }
        ]
      }
    },
    {
      "490": {
        "ind1": "1",
        "ind2": "\\",
        "subfields": [
          {
            "a": "New Lexington Press management and organizational sciences series"
          }
        ]
      }
    },
    {
      "500": {
        "ind1": "\\",
        "ind2": "\\",
        "subfields": [
          {
            "a": "Includes index."
          }
        ]
      }
    },
    {
      "505": {
        "ind1": "0",
        "ind2": "0",
        "subfields": [
          {
            "g": "Introduction :"
          },
          {
            "t": "Corporate Global Citizenship : Why Now? /"
          },
          {
            "r": "Noel M. Tichy, Andrew R. McGill, Lynda St. Clair"
          },
          {
            "g": "1 --"
          },
          {
            "g": "Part 1."
          },
          {
            "t": "The Theory of Corporate Global Citizenship --"
          },
          {
            "t": "Three Pillars of Corporate Citizenship : Ethics, Social Benefit, Profitability /"
          },
          {
            "r": "Charles J. Fombrun"
          },
          {
            "g": "27 --"
          },
          {
            "t": "Three Pillars of Responsibility : A Conversation with Amitai Etzioni About the Individual, the Community, and the Corporation /"
          },
          {
            "r": "Laurie Richardson"
          },
          {
            "g": "43 --"
          },
          {
            "t": "A Three Sector Model of Community Service : The Alliance of Business, Government, and Nonprofit Organizations /"
          },
          {
            "r": "Mary Tschirhart"
          },
          {
            "g": "62 --"
          },
          {
            "t": "Institutionalizing Community Action in Corporate America : A Road Map to Corporate Global Citizenship /"
          },
          {
            "r": "Charles Kadushin, Lynda St. Clair"
          },
          {
            "g": "75 --"
          },
          {
            "g": "Part 2."
          },
          {
            "t": "Corporate Global Citizenship in Action --"
          },
          {
            "t": "American Express Philanthropy : Developing an Academy of Travel and Tourism in Hungary /"
          },
          {
            "r": "Michael Brimm"
          },
          {
            "g": "105 --"
          },
          {
            "t": "Doing Good the Morgan Way : Generating Economic Returns with Investments in Communities /"
          },
          {
            "r": "Charles J. Fombrun"
          },
          {
            "g": "134 --"
          },
          {
            "t": "Merck & Co., Inc. : From Core Competence to Global Community Involvement /"
          },
          {
            "r": "Jane E. Dutton, Michael G. Pratt"
          },
          {
            "g": "150 --"
          },
          {
            "t": "The General Electric Elfun Society : Leveraging Employee Volunteerism with Foundation Dollars /"
          },
          {
            "r": "Jeannette L. Jackson"
          },
          {
            "g": "168 --"
          },
          {
            "t": "Ameritech : The Community Service Link in Organizational Transformation /"
          },
          {
            "r": "Jeannette L. Jackson"
          },
          {
            "g": "183 --"
          },
          {
            "t": "Sara Lee Corporation and Corporate Citizenship : Unity in Diversity /"
          },
          {
            "r": "Ann E. Tenbrunsel, Zoe I. Barsness, Paul M. Hirsch"
          },
          {
            "g": "197 --"
          },
          {
            "t": "The Evolution of Procter & Gamble's Environmental Program /"
          },
          {
            "r": "Paul Shrivastava"
          },
          {
            "g": "214 --"
          },
          {
            "t": "Compaq Computer Corporation : Maximizing Environmental Conscientiousness Around the Globe /"
          },
          {
            "r": "Lynda St. Clair"
          },
          {
            "g": "230 --"
          },
          {
            "g": "Part 3."
          },
          {
            "t": "The Future of Corporate Global Citizenship --"
          },
          {
            "t": "From Global Citizenship to Sustainable Development /"
          },
          {
            "r": "Stuart Hart"
          },
          {
            "g": "249 --"
          },
          {
            "t": "China : Opportunities and Constraints for Corporate Citizenship /"
          },
          {
            "r": "Erik C. Olson"
          },
          {
            "g": "260 --"
          },
          {
            "t": "Russia, Ukraine, and Kazakstan : Corporate Citizenship in Unstable Environments /"
          },
          {
            "r": "Benjamin E. Goldsmith"
          },
          {
            "g": "295 --"
          },
          {
            "t": "Corporate Citizenship in India : Multinational Corporate Experiences and Best Practices /"
          },
          {
            "r": "Benjamin E. Goldsmith"
          },
          {
            "g": "326 --"
          },
          {
            "t": "A Global Model for the Business of Corporate Citizenship : The Success Story of Focus : HOPE /"
          },
          {
            "r": "Lynda St. Clair"
          },
          {
            "g": "348 --"
          },
          {
            "t": "An Agenda for Corporate Global Citizenship /"
          },
          {
            "r": "Noel M. Tichy, Andrew R. McGill, Lynda St. Clair"
          },
          {
            "g": "358 --"
          },
          {
            "g": "Appendix :"
          },
          {
            "t": "Company Profiles and Citizenship Programs /"
          },
          {
            "r": "Charles Kadushin, Laurie Richardson"
          },
          {
            "g": "370."
          }
        ]
      }
    },
    {
      "520": {
        "ind1": "\\",
        "ind2": "\\",
        "subfields": [
          {
            "a": "Corporate Global Citizenship offers the first comprehensive examination of the activities high-profile multinationals are undertaking to enhance the quality of life within the nations and communities in which they operate. It details their motivations and accomplishments in both ethical and economic terms. But more important, it seeks to provide an in-depth understanding of the global corporate citizenship movement from the perspectives of the citizens themselves, as well as from broader theoretical perspectives grounded in sociological, psychological, and environmental concepts."
          }
        ]
      }
    },
    {
      "650": {
        "ind1": "\\",
        "ind2": "0",
        "subfields": [
          {
            "a": "Social responsibility of business"
          },
          {
            "v": "Case studies."
          }
        ]
      }
    },
    {
      "650": {
        "ind1": "\\",
        "ind2": "7",
        "subfields": [
          {
            "a": "Social responsibility of business."
          },
          {
            "2": "fast"
          },
          {
            "0": "(OCoLC)fst01122851"
          }
        ]
      }
    },
    {
      "655": {
        "ind1": "\\",
        "ind2": "7",
        "subfields": [
          {
            "a": "Case studies."
          },
          {
            "2": "fast"
          },
          {
            "0": "(OCoLC)fst01423765"
          }
        ]
      }
    },
    {
      "700": {
        "ind1": "1",
        "ind2": "\\",
        "subfields": [
          {
            "a": "Tichy, Noel M."
          }
        ]
      }
    },
    {
      "700": {
        "ind1": "1",
        "ind2": "\\",
        "subfields": [
          {
            "a": "McGill, Andrew R.,"
          },
          {
            "d": "1947-"
          }
        ]
      }
    },
    {
      "700": {
        "ind1": "1",
        "ind2": "\\",
        "subfields": [
          {
            "a": "St. Clair, Lynda,"
          },
          {
            "d": "1960-"
          }
        ]
      }
    },
    {
      "776": {
        "ind1": "0",
        "ind2": "8",
        "subfields": [
          {
            "i": "Online version:"
          },
          {
            "t": "Corporate global citizenship."
          },
          {
            "b": "1st ed."
          },
          {
            "d": "San Francisco, Calif. : New Lexington Press, \u00a91997"
          },
          {
            "w": "(OCoLC)646951241"
          }
        ]
      }
    },
    {
      "830": {
        "ind1": "\\",
        "ind2": "0",
        "subfields": [
          {
            "a": "New Lexington Press management and organization sciences series."
          }
        ]
      }
    },
    {
      "994": {
        "ind1": "\\",
        "ind2": "\\",
        "subfields": [
          {
            "a": "Z0"
          },
          {
            "b": "NYRVC"
          }
        ]
      }
    },
    {
      "948": {
        "ind1": "\\",
        "ind2": "\\",
        "subfields": [
          {
            "h": "NO HOLDINGS IN NYRVC - 198 OTHER HOLDINGS"
          }
        ]
      }
    },
    {
      "999": {
        "ind1": "\\",
        "ind2": "\\",
        "subfields": [
          {
            "a": "00000000011659"
          }
        ]
      }
    }
  ]
}